@book{RN7,
   author = {Attila Szabo, Neil S. Ostlund},
   title = {Modern Quantum Chemistry},
   publisher = {Dover},
   address = {New York},
   ISBN = {978-0-486-69186-2},
   year = {1996},
   type = {Book}
}

@book{RN9,
   author = {Axler, Sheldon},
   title = {Linear Algebra Done Right},
   publisher = {人民邮电出版社},
   address = {北京},
   type = {Book}
}

@book{RN10,
   author = {Carter, Nathan},
   title = {群论彩图版},
   publisher = {机械工业出版社},
   address = {北京},
   year = {2019},
   type = {Book}
}

@book{RN5,
   author = {J.J.Sakurai},
   title = {Modern Quantum Mechanics},
   publisher = {Addison-Wesley Publishing Company},
   address = {U.S.A},
   edition = {Revised},
   ISBN = {0-201-53929-2},
   year = {1994},
   type = {Book}
}

@book{RN16,
   author = {Leonard Susskind, Art Friedman},
   title = {Special Relativity and Classical Field Theory},
   publisher = {Penguin Books},
   address = {UK},
   year = {2017},
   type = {Book}
}

@book{RN3,
   author = {N.Levine, Ira},
   title = {Quantum Chemistry},
   publisher = {Pearson},
   address = {U.S.A},
   ISBN = {978-0-321-80345-0},
   year = {2014},
   type = {Book}
}

@book{RN8,
   author = {Piela, Lucjan},
   title = {Ideas of Quantum Chemistry},
   publisher = {Elsewier},
   address = {U.K},
   edition = {Second},
   ISBN = {978-0-444-59436-5},
   year = {2014},
   type = {Book}
}

@book{RN4,
   author = {R.Shankar},
   title = {Priciples of Quantum Mechanics},
   publisher = {Kluwer Academic/Plenum Publishers},
   address = {U.S.A},
   edition = {2},
   ISBN = {0-306-44790-8},
   year = {1994},
   type = {Book}
}

@book{RN1,
   author = {Tannoudji, Cohen},
   title = {量子力学},
   publisher = {高等教育出版社},
   address = {背景},
   volume = {1},
   ISBN = {978-7-04-039670-6},
   year = {2015},
   type = {Book}
}

@book{RN2,
   author = {Tannoudji, Cohen},
   title = {量子力学},
   publisher = {高等教育出版社},
   address = {北京},
   volume = {2},
   ISBN = {978-04-043991-5},
   year = {2016},
   type = {Book}
}

@unpublished{RN6,
   author = {Tong, David},
   title = {Applications of Quantum Mechanics},
   publisher = {Cambridge},
   address = {UK},
   year = {2017},
   type = {Unpublished Work}
}

@book{RN13,
   author = {顾樵},
   title = {量子力学 Ⅰ},
   publisher = {科学出版社},
   address = {北京},
   year = {2014},
   type = {Book}
}

@book{RN14,
   author = {顾樵},
   title = {量子力学 Ⅱ},
   publisher = {科学出版社},
   address = {北京},
   year = {2014},
   type = {Book}
}

@book{RN19,
   author = {喀兴林},
   title = {高等量子力学},
    publisher = {科学出版社},
   address = {北京},
   year = {2000},
   type = {Book}
}

@book{RN17,
   author = {刘成卜},
   title = {量子化学},
   publisher = {科学出版社},
   address = {北京},
   year = {2020},
   type = {Book}
}

@book{RN18,
   author = {刘连寿, 郑小平},
   title = {物理学中的张量分析},
   publisher = {科学出版社},
   address = {北京},
   year = {2008},
   type = {Book}
}

@book{RN15,
   author = {刘辽, 费保俊, 张允中},
   title = {狭义相对论},
   publisher = {科学出版社},
   address = {北京},
   year = {2008},
   type = {Book}
}

@book{RN12,
   author = {卢文发},
   title = {量子力学与统计力学},
   publisher = {上海交通大学出版社},
   address = {上海},
   year = {2013},
   type = {Book}
}

@book{RN11,
   author = {赵凯华, 罗蔚茵},
   title = {量子物理},
   publisher = {高等教育出版社},
   address = {背景},
   year = {2008},
   type = {Book}
}

